@article{doi:10.1021/jacs.0c12100,
    author = {Nakamuro, Takayuki and Sakakibara, Masaya and Nada, Hiroki and Harano, Koji and Nakamura, Eiichi},
    title = {Capturing the Moment of Emergence of Crystal Nucleus from Disorder},
    journal = {Journal of the American Chemical Society},
    volume = {143},
    number = {4},
    pages = {1763-1767},
    year = {2021},
    doi = {10.1021/jacs.0c12100},
    note ={PMID: 33475359},
    URL = { https://doi.org/10.1021/jacs.0c12100},
    eprint = {https://doi.org/10.1021/jacs.0c12100}
}
